\begin{filecontents*}{mini_presentation.bib}
@article{paper,
  author = "Mor Harchol-Balter and Mark E. Crovella and Cristina D. Murta",
  year = "1999",
  title = "On Choosing a Task Assignment Policy for a Distributed Server System", 
  journal = "Journal of Parallel and Distributed Computing, Proceedings of Performance Tools",
  volume = "1468",
  pages = "231-242",
}

@article{web_traffic,
  author = "M. E. Crovella and A. Bestavros",
  year = "1997",
  title = "Self-similarity in World Wide Web traffic: Evidence and possible causes", 
  journal = "IEEE/ACM Transactions on Networking",
  volume = "5(6)",
  pages = "835(846)",
}

@article{heavy_tail,
  author = "M. E. Crovella, M. S. Taqqu, and A. Bestavros",
  year = "1998",
  title = "Heavy-tailed probability distributions in the world wide web", 
  journal = "In A Practical Guide To Heavy Tails",
  pages = "1{23}",
}

@article{technical_report,
  author = "M. Harchol-Balter, M. E. Crovella, and C. D. Murta",
  year = "1998",
  title = "On choosing a task assignment policy for a distributed server system", 
  journal = "Technical Report MIT-LCS-TR-757, MIT Laboratory for Computer Science",
}

@article{motivation,
  author = "V. Paxson and S. Floyd",
  year = "1995",
  title = "Wide-area traffic: The failure of Poisson modeling", 
  journal = "IEEE/ACM Transactions on Networking",
  pages = "226{244}",
}

@article{io_traffic,
  author = "D. L. Peterson and D. B. Adams",
  year = "1996",
  title = "Fractal patterns in DASD I/O traffic", 
  journal = "CMG Proceedings",
}
\end{filecontents*}